<?xml version="1.0" encoding="UTF-8" ?>
<collection xmlns:xsi="http://www.w3.org/2001/XMLSchema-instance"
    xsi:schemaLocation="http://www.loc.gov/MARC21/slim
        http://www.loc.gov/standards/marcxml/schema/MARC21slim.xsd"
    xmlns="http://www.loc.gov/MARC21/slim">
<record>
  <leader>00262cam a2200505 i 4500</leader>
  <controlfield tag="001">b12565131</controlfield>
  <controlfield tag="003">LeBAU</controlfield>
  <controlfield tag="005">20190402</controlfield>
  <controlfield tag="008">970807s1937    ua            ||0 0aara d</controlfield>
  <datafield tag="035" ind1=" " ind2=" ">
    <subfield code="a">ocn784408091</subfield>
  </datafield>
  <datafield tag="040" ind1=" " ind2=" ">
    <subfield code="a">LEAUB</subfield>
    <subfield code="b">ara</subfield>
    <subfield code="e">rda</subfield>
    <subfield code="c">LEAUB</subfield>
    <subfield code="d">LEAUB</subfield>
  </datafield>
  <datafield tag="082" ind1="0" ind2="4">
    <subfield code="a">892.73</subfield>
    <subfield code="2">23</subfield>
  </datafield>
  <datafield tag="100" ind1="1" ind2=" ">
    <subfield code="6">880-01</subfield>
    <subfield code="a">Ḥakīm, Tawfīq,</subfield>
    <subfield code="e">author.</subfield>
  </datafield>
  <datafield tag="245" ind1="1" ind2="0">
    <subfield code="6">880-02</subfield>
    <subfield code="a">Yawmīyāt nāʼib fī al-aryāf /</subfield>
    <subfield code="c">Tawfīq al-Ḥakīm.</subfield>
  </datafield>
  <datafield tag="250" ind1=" " ind2=" ">
    <subfield code="6">880-03</subfield>
    <subfield code="a">al-Ṭabʻah al-thānīyah.</subfield>
  </datafield>
  <datafield tag="264" ind1=" " ind2="1">
    <subfield code="6">880-04</subfield>
    <subfield code="a">al-Qāhirah :</subfield>
    <subfield code="b">Maṭbaʻat Lajnat al-Taʼlīf wa-al-Tarjamah wa-al-Nashr,</subfield>
    <subfield code="c">1937.</subfield>
  </datafield>
  <datafield tag="300" ind1=" " ind2=" ">
    <subfield code="6">880-05</subfield>
    <subfield code="a">234 pages ;</subfield>
    <subfield code="c">23 cm</subfield>
  </datafield>
  <datafield tag="336" ind1=" " ind2=" ">
    <subfield code="a">text</subfield>
    <subfield code="b">txt</subfield>
    <subfield code="2">rdacontent</subfield>
  </datafield>
  <datafield tag="337" ind1=" " ind2=" ">
    <subfield code="a">unmediated</subfield>
    <subfield code="b">n</subfield>
    <subfield code="2">rdamedia</subfield>
  </datafield>
  <datafield tag="338" ind1=" " ind2=" ">
    <subfield code="a">volume</subfield>
    <subfield code="b">nc</subfield>
    <subfield code="2">rdacarrier</subfield>
  </datafield>
  <datafield tag="590" ind1=" " ind2=" ">
    <subfield code="a">صفحة العنوان والصفحات من 5-16 مصورة؛ والصفحات من 1-4 مفتقدة.</subfield>
  </datafield>
  <datafield tag="600" ind1="1" ind2="4">
    <subfield code="a">الحكيم، توفيق،</subfield>
    <subfield code="d">1898-1987</subfield>
  </datafield>
  <datafield tag="600" ind1="1" ind2="0">
    <subfield code="a">Ḥakīm, Tawfīq.</subfield>
  </datafield>
  <datafield tag="650" ind1=" " ind2="4">
    <subfield code="a">ذاكرة من الترجمة الذاتية.</subfield>
  </datafield>
  <datafield tag="650" ind1=" " ind2="0">
    <subfield code="a">Autobiographical memory.</subfield>
  </datafield>
  <datafield tag="767" ind1="0" ind2="8">
    <subfield code="6">880-10</subfield>
    <subfield code="i">is translated as</subfield>
    <subfield code="4">http://rdaregistry.info/Elements/e/P20171 :</subfield>
    <subfield code="a">Ḥakīm, Tawfīq.</subfield>
    <subfield code="t">The maze of justice : diary of a country prosecutor : an Egyptian novel.</subfield>
    <subfield code="d">London : Saqi Books, 1989</subfield>
    <subfield code="w">(OCoLC)317655822</subfield>
    <subfield code="w">(OCoLC)317655822</subfield>
  </datafield>
  <datafield tag="775" ind1="0" ind2="8">
    <subfield code="6">880-06</subfield>
    <subfield code="i">has designation of edition</subfield>
    <subfield code="4">http://rdaregistry.info/Elements/m/P30133 :</subfield>
    <subfield code="a">Ḥakīm, Tawfīq.</subfield>
    <subfield code="t">Yawmīyāt nāʼib fī al-aryāf.</subfield>
    <subfield code="b">al-Ṭabʻah al-thālithah:</subfield>
    <subfield code="d"> [Miṣr] : Maktabat al-Ādāb, 1949</subfield>
    <subfield code="w">(OCoLC)784408090</subfield>
    <subfield code="w">(OCoLC)784408090</subfield>
  </datafield>
  <datafield tag="775" ind1="0" ind2="8">
    <subfield code="6">880-07</subfield>
    <subfield code="i">has designation of edition</subfield>
    <subfield code="4">http://rdaregistry.info/Elements/m/P30133 :</subfield>
    <subfield code="a">Ḥakīm, Tawfīq.</subfield>
    <subfield code="t">Yawmīyāt nāʼib fī al-aryāf</subfield>
    <subfield code="d">a[al-Qāhirah] : Maktabat al-Ādāb wa-Maṭbaʻatuhā, [between 1900 and 1999?]</subfield>
    <subfield code="w">(OCoLC)784419445</subfield>
    <subfield code="w">(OCoLC)784419445</subfield>
  </datafield>
  <datafield tag="775" ind1="0" ind2="8">
    <subfield code="6">880-08</subfield>
    <subfield code="i">has designation of edition</subfield>
    <subfield code="4">http://rdaregistry.info/Elements/m/P30133 :</subfield>
    <subfield code="a">Ḥakīm, Tawfīq.</subfield>
    <subfield code="t">Yawmīyāt nāʼib fī al-aryāf</subfield>
    <subfield code="d">Bayrūt, Lubnān : Dār al-Kitāb al-Lubnānī, 1983</subfield>
    <subfield code="w">(LEAUB)b18364512</subfield>
  </datafield>
  <datafield tag="775" ind1="0" ind2="8">
    <subfield code="6">880-09</subfield>
    <subfield code="i">has designation of edition</subfield>
    <subfield code="4">http://rdaregistry.info/Elements/m/P30133 :</subfield>
    <subfield code="a">Ḥakīm, Tawfīq.</subfield>
    <subfield code="t">Yawmīyāt nāʼib fī al-aryāf</subfield>
    <subfield code="d">[Miṣr] : Maktabat al-Ādāb, [between 1970 and 1990?]</subfield>
    <subfield code="w">(LEAUB)b19229690</subfield>
  </datafield>
  <datafield tag="852" ind1=" " ind2=" ">
    <subfield code="a">Jafet Library</subfield>
    <subfield code="e">American University of Beirut, Bliss Street , Beirut, Lebanon.</subfield>
  </datafield>
  <datafield tag="880" ind1="1" ind2=" ">
    <subfield code="6">100-01/(3/r</subfield>
    <subfield code="a">الحكيم، توفيق،</subfield>
    <subfield code="e">مؤلف. </subfield>
    <subfield code="4">aut.</subfield>
  </datafield>
  <datafield tag="880" ind1="1" ind2="0">
    <subfield code="6">245-02/(3/r</subfield>
    <subfield code="a">يوميات نائب في الأرياف /</subfield>
    <subfield code="c">توفيق الحكيم.</subfield>
  </datafield>
  <datafield tag="880" ind1=" " ind2=" ">
    <subfield code="6">250-03/(3/r</subfield>
    <subfield code="a">الطبعة الثانية.</subfield>
  </datafield>
  <datafield tag="880" ind1=" " ind2="1">
    <subfield code="6">264-04/(3/r</subfield>
    <subfield code="a">القاهرة :</subfield>
    <subfield code="b">مطبعة لجنة التأليف والترجمة والنشر،</subfield>
    <subfield code="c">1937.</subfield>
  </datafield>
  <datafield tag="880" ind1=" " ind2=" ">
    <subfield code="6">300-05/(3/r</subfield>
    <subfield code="a">234 صفحة ؛</subfield>
    <subfield code="c">23 سم</subfield>
  </datafield>
  <datafield tag="880" ind1="0" ind2="8">
    <subfield code="6">775-06/(3/r</subfield>
    <subfield code="i">دلالة على الطبعة</subfield>
    <subfield code="4">http://rdaregistry.info/Elements/m/P30133 :</subfield>
    <subfield code="a">الحكيم، توفيق.</subfield>
    <subfield code="t">يوميات نائب في الأرياف.</subfield>
    <subfield code="b">الطبعة الثالثة.</subfield>
    <subfield code="d">[مصر] : مكتبة الآداب، 1949</subfield>
    <subfield code="w">(LEAUB)b1256512x</subfield>
    <subfield code="w">(OCoLC)784408090</subfield>
  </datafield>
  <datafield tag="880" ind1="0" ind2="8">
    <subfield code="6">775-07/(3/r</subfield>
    <subfield code="i">دلالة على الطبعة</subfield>
    <subfield code="4">http://rdaregistry.info/Elements/m/P30133 :</subfield>
    <subfield code="a">الحكيم، توفيق.</subfield>
    <subfield code="t">يوميات نائب في الأرياف</subfield>
    <subfield code="d">[القاهرة] : مكتبة الآداب ومطبعتها، [ما بين 1900 و 1999]</subfield>
    <subfield code="w">(LEAUB)b1259037x</subfield>
    <subfield code="w">(OCoLC)784419445</subfield>
  </datafield>
  <datafield tag="880" ind1="0" ind2="8">
    <subfield code="6">775-08/(3/r</subfield>
    <subfield code="i">دلالة على الطبعة</subfield>
    <subfield code="4">http://rdaregistry.info/Elements/m/P30133 :</subfield>
    <subfield code="a">الحكيم، توفيق.</subfield>
    <subfield code="t">يوميات نائب في الأرياف</subfield>
    <subfield code="d">بيروت، لبنان : دار الكتاب اللبناني، 1983</subfield>
    <subfield code="w">(LEAUB)b18364512</subfield>
  </datafield>
  <datafield tag="880" ind1="0" ind2="8">
    <subfield code="6">775-09/(3/r</subfield>
    <subfield code="i">دلالة على الطبعة</subfield>
    <subfield code="4">http://rdaregistry.info/Elements/m/P30133 :</subfield>
    <subfield code="a">الحكيم، توفيق.</subfield>
    <subfield code="t">يوميات نائب في الأرياف</subfield>
    <subfield code="d">[مصر] : مكتبة الآداب ومطبعتها، [ما بين 1970 و 1990؟]</subfield>
    <subfield code="w">(LEAUB)b19229690</subfield>
  </datafield>
  <datafield tag="880" ind1="0" ind2="8">
    <subfield code="6">767-10/(3/r</subfield>
    <subfield code="i">ترجم ك</subfield>
    <subfield code="4">http://rdaregistry.info/Elements/e/P20171 :</subfield>
    <subfield code="a">Ḥakīm, Tawfīq.</subfield>
    <subfield code="t">The maze of justice : diary of a country prosecutor : an Egyptian novel.</subfield>
    <subfield code="d">London : Saqi Books, 1989</subfield>
    <subfield code="w">(LEAUB)b11155474</subfield>
    <subfield code="w">(OCoLC)317655822</subfield>
  </datafield>
  <datafield tag="907" ind1=" " ind2=" ">
    <subfield code="a">.b12565131</subfield>
    <subfield code="b">19-04-09</subfield>
    <subfield code="c">11-05-24</subfield>
  </datafield>
  <datafield tag="907" ind1=" " ind2=" ">
    <subfield code="a">.b12565131</subfield>
    <subfield code="b">15-10-29</subfield>
    <subfield code="c">11-05-24</subfield>
  </datafield>
  <datafield tag="945" ind1=" " ind2=" ">
    <subfield code="f">J</subfield>
    <subfield code="a">892.73:Ha438ywaA</subfield>
    <subfield code="i">01037462</subfield>
    <subfield code="j">.i13074489</subfield>
    <subfield code="l">u0503</subfield>
  </datafield>
  <datafield tag="998" ind1=" " ind2=" ">
    <subfield code="a">u05</subfield>
    <subfield code="b">97-08-07</subfield>
    <subfield code="c">m</subfield>
    <subfield code="d">a  </subfield>
    <subfield code="e">-</subfield>
    <subfield code="f">ara</subfield>
    <subfield code="g">ua </subfield>
    <subfield code="h">0</subfield>
    <subfield code="i">1</subfield>
  </datafield>
</record>
</collection>
